@article{jors2011,
  title={Packing circles in the smallest circle: an adaptive hybrid algorithm},
  author={Al-Mudahka, I and Hifi, Mhand and M'Hallah, Rym},
  journal={Journal of the Operational Research Society},
  volume={62},
  number={11},
  pages={1917--1930},
  year={2011},
  publisher={Nature Publishing Group}
}

@article{grosso2010,
  title={Solving the problem of packing equal and unequal circles in a circular container},
  author={Grosso, Andrea and Jamali, ARMJU and Locatelli, Marco and Schoen, Fabio},
  journal={Journal of Global Optimization},
  volume={47},
  number={1},
  pages={63--81},
  year={2010},
  publisher={Springer}
}

@misc{packomania,
  title = {Packomania},
  author = {E. Specht},
  howpublished = {\url{http://www.packomania.com/}},
  note = {Accessed: 2016-05-23}
}

@article{akeb2006basic,
  title={A basic heuristic for packing equal circles into a circular container},
  author={Akeb, Hakim and Li, Yu},
  journal={Comput. Oper. Res},
  volume={33},
  pages={2125--2142},
  year={2006},
  publisher={Citeseer}
}

@article{burke2004new,
  title={A new placement heuristic for the orthogonal stock-cutting problem},
  author={Burke, Edmund K and Kendall, Graham and Whitwell, Glenn},
  journal={Operations Research},
  volume={52},
  number={4},
  pages={655--671},
  year={2004},
  publisher={INFORMS}
}